@article{TD15,
	author = {Testhansel, Heribert and Demofrau, Marita},
	title = {Das Testen von Artikeln},
	journaltitle = {Int. Journal of Testing},
	year= {2015},
	series = {Lecture Notes},
	volume = {5},
	number = {2},
	issue = {42},
	pages = {111--222},
	publisher = {Elsedrei},
	doi = {10/1234.2345}
}

@book{TW15,
    author = {White, Tom},
    title = {Hadoop: The Definitive Guide},
    year = {2015},
    publisher = {O'Reilly Media, Inc.},
    edition = {4},
    ISBN = {978-1-491-90163-2}
}
